@article{article,
author = {Bell, Andrew and Jones, Kelvyn},
year = {2015},
month = {01},
pages = {133-153},
title = {Explaining Fixed Effects: Random Effects Modeling of Time-Series Cross-Sectional and Panel Data},
volume = {3},
doi = {10.1017/psrm.2014.7}
}