@Manual{NBR1465301,
  address={Rio de Janeiro},
  Author = {ABNT},
  month={mai.},
  organization={Associação Brasileira de Normas Técnicas},
  org-short={ABNT},
  pages={10},
  subtitle={Avaliação de bens -- Parte 1: Procedimentos Gerais},
  title={{NBR} 14653-1},
  year={2001}
}
@Manual{NBR1465302,
	Address = {Rio de Janeiro},
	Author = {ABNT},
	Month = {fev.},
	Org-Short = {ABNT},
	Organization = {Associação Brasileira de Normas Técnicas},
	Pages = {4},
	Subtitle = {Avaliação de Bens -- Parte 2: Imóveis Urbanos},
	Title = {{NBR} 14653-2},
	Year = {2011}
}
@article{clark2019shrinkage,
  author = {Clark, Michael},
  title = {Shrinkage in Mixed Effects Models},
  journal = {Michael Clark},
  url = {https://m-clark.github.io/posts/2019-05-14-shrinkage-in-mixed-models/},
  year = {2019}
}
@book{matloff2009,
  author = {Norman Saul Matloff},
  address = {Davis, California},
  title = {From {A}lgorithms to {Z}-{S}cores},
  publisher = {Orange Grove Books},
  subtitle = {Probabilistic and Statistical Modeling in Computer Science},
  year = {2009},
  url = {http://heather.cs.ucdavis.edu/~matloff/132/PLN/probstatbook/ProbStatBook.pdf}
}
@book{matloff2017,
  author = {Norman Matloff},
  address = {Boca Raton, Florida},
  title = {Statistical Regression and Classification},
  subtitle = {From Linear Models to Machine Learning},
  publisher = {Chapman & Hall},
  year = {2017}
}
@book{wasserman,
 author = {Wasserman, Larry},
 title = {All of Statistics: A Concise Course in Statistical Inference},
 year = {2010},
 isbn = {1441923225, 9781441923226},
 publisher = {Springer Publishing Company, Incorporated},
} 
@Manual{R,
  title = {R: A Language and Environment for Statistical Computing},
  author = {{R Core Team}},
  organization = {R Foundation for Statistical Computing},
  address = {Vienna, Austria},
  year = {2020},
  url = {https://www.R-project.org/},
}
@Article{Bates,
  title = {Fitting Linear Mixed-Effects Models Using {lme4}},
  author = {Douglas Bates and Martin M{\"a}chler and Ben Bolker and Steve Walker},
  journal = {Journal of Statistical Software},
  year = {2015},
  volume = {67},
  number = {1},
  pages = {1--48},
  doi = {10.18637/jss.v067.i01},
}
@Article{Bates2,
  title = {Computational Methods for Mixed Models},
  author = {Douglas Bates},
  year = {2018},
  pages = {21},
  url = {https://cran.r-project.org/web/packages/lme4/vignettes/Theory.pdf},
  urlaccessdate = {2020-10-14}
}
@Article{Bates3,
  title = {Penalized least squares versus generalized least squares representations of linear mixed models},
  author = {Douglas Bates},
  year = {2018},
  pages = {7},
  url = {https://cran.r-project.org/web/packages/lme4/vignettes/PLSvGLS.pdf},
  urlaccessdate = {2020-10-14}
}
@book{Batesbook,
  author = {Bates, Douglas},
  year = {2010},
  month = {01},
  pages = {131},
  title = {Lme4: Mixed-Effects Modeling With {R}}
}
@article{bell2019,
  author = {Bell, Andrew and Fairbrother, Malcolm and Jones, Kelvyn},
  year = {2019},
  month = {03},
  pages = {1051–1074},
  title = {Fixed and Random effects models: making an informed choice},
  volume = {53},
  journal = {Quality and Quantity},
  doi = {10.1007/s11135-018-0802-x}
}
@article{bell2015,
  author={Bell, Andrew and Jones, Kelvyn}, 
  title={Explaining Fixed Effects: Random Effects Modeling of Time-Series Cross-Sectional and Panel Data}, 
  volume={3}, 
  DOI={10.1017/psrm.2014.7}, 
  number={1}, 
  journal={Political Science Research and Methods}, 
  publisher={Cambridge University Press}, 
  year={2015}, 
  pages={133–153}
}
@Inproceedings{droubi2019,
 author = {Luiz Fernando Palin Droubi and Carlos Augusto Zilli and Norberto Hochheim},
 title = {Centralização e escalonamento de dados amostrais},
 subtitle = {Prós, contras e aplicação na Engenharia de Avaliações},
 Address = {Florianópolis},
 crossref = {cobreap2019},
 Publisher = {COBREAP},
 Year = {2019}
}
@proceedings{cobreap2019,
  title = {XX {C}ongresso {B}rasileiro de {A}valiações e {P}erícias},
  shorttitle = {VIII COBREAP},
  eventdate = {2019},
  venue = {Salvador, BA},
  date = {2019}
}
@article{polonia,
  author = {Cichulska, A. and Cellmer, R.},
  title = {Analysis of Prices in the housing market using mixed models},
  journal = {Real Estate Management and Valuation},
  volume = 26,
  number = 4,
  pages = {102-111},
  year = {2018}
}
@article{jones1994,
 ISSN = {00130095, 19448287},
 URL = {http://www.jstor.org/stable/143993},
 author = {Kelvyn Jones and Nina Bullen},
 journal = {Economic Geography},
 number = {3},
 pages = {252--272},
 publisher = {[Clark University, Wiley]},
 title = {Contextual Models of Urban House Prices: A Comparison of Fixed- and Random-Coefficient Models Developed by Expansion},
 volume = {70},
 year = {1994}
}
@article{longford,
  author = {Longford, Nicholas},
  title = {A FAST SCORING ALGORITHM FOR MAXIMUM LIKELIHOOD ESTIMATION IN UNBALANCED MIXED MODELS WITH NESTED RANDOM EFFECTS},
  journal = {ETS Research Report Series},
  volume = {1987},
  number = {1},
  pages = {i-26},
  keywords = {fisher scoring algorithm, maximum likelihood estimation, nested random effects, variance component},
  doi = {10.1002/j.2330-8516.1987.tb00217.x},
  url = {https://onlinelibrary.wiley.com/doi/abs/10.1002/j.2330-8516.1987.tb00217.x},
  eprint = {https://onlinelibrary.wiley.com/doi/pdf/10.1002/j.2330-8516.1987.tb00217.x},
  year = {1987}
}
@article{goldstein,
    author = {GOLDSTEIN, H.},
    title = "{Multilevel mixed linear model analysis using iterative generalized least squares}",
    journal = {Biometrika},
    volume = {73},
    number = {1},
    pages = {43-56},
    year = {1986},
    month = {04},
    issn = {0006-3444},
    doi = {10.1093/biomet/73.1.43},
    url = {https://doi.org/10.1093/biomet/73.1.43},
    eprint = {https://academic.oup.com/biomet/article-pdf/73/1/43/682000/73-1-43.pdf},
}
@article{tukey,
  title = {John Wilder Tukey (1915-2000)},
  author = {David R. Brillinger},
  journal = {Notices of the {AMS}},
  volume = {49},
  number = {2},
  pages = {193-201},
  month = {02},
  year = {2002}
}